<?xml version="1.0" encoding="UTF-8"?><collection xmlns="http://www.loc.gov/MARC21/slim"><record><leader>00395nam--2200145-i-4500</leader><controlfield tag="001">000007801</controlfield><controlfield tag="002">20161230</controlfield><controlfield tag="005">20161230201027</controlfield><controlfield tag="008">060222s1000------------r-----000-0-eng-d</controlfield><datafield ind1=" " ind2=" " tag="080"><subfield code="a">621:391:007</subfield></datafield><datafield ind1=" " ind2=" " tag="100"><subfield code="a">Abramson, Norman</subfield></datafield><datafield ind1=" " ind2=" " tag="245"><subfield code="a">Information theory and coding</subfield></datafield><datafield ind1=" " ind2=" " tag="260"><subfield code="a">New York, Mcgraw-hill Book Co.,1963 Xvi+201 P</subfield></datafield><datafield ind1=" " ind2=" " tag="490"><subfield code="a">Mcgraw-hill Electronic Sciences Series</subfield></datafield><datafield ind1=" " ind2=" " tag="852"><subfield code="a">24653</subfield></datafield></record></collection>